@misc{reddit_dnd_prep,
  title = {DMs, how long does it take you to prepare?},
  author = {Deleted},
  year = {n.d.},
  howpublished = {\url{https://www.reddit.com/r/DnD/comments/4deibv/dms_how_long_does_it_take_you_to_prepare/?rdt=39048}},
  note = {Accessed: [12/16/2023]}
}

@misc{quora_dnd_duration,
  title = {How long does an average DM (Dungeons & Dragons) game take to play, including preparation?},
  author = {n.d.},
  year = {n.d.},
  howpublished = {\url{https://www.quora.com/How-long-does-an-average-DM-Dungeons-Dragons-game-take-to-play-including-preparation}},
  note = {Accessed: [12/16/2023]}
}
@misc{watabou_dungeon,
  author = {Watabou, O. D. A.},
  title = {Watabou’s Procgen Arcana: Dungeon},
  year = {n.d.},
  howpublished = {\url{https://watabou.github.io/dungeon.html}},
  note = {Accessed: [12/16/2023]}
}
@misc{jrheard_dungeon_clojurescript,
  author = {jrheard},
  title = {Procedural Dungeon Generation: A Drunkard’s Walk in ClojureScript},
  year = {n.d.},
  howpublished = {\url{https://blog.jrheard.com/procedural-dungeon-generation-drunkards-walk-in-clojurescript}},
  note = {Accessed: [12/16/2023]}
}

@misc{pcgwiki_drunkardwalk,
  title = {Drunkard Walk - Procedural Content Generation Wiki},
  year = {n.d.},
  howpublished = {\url{http://pcg.wikidot.com/pcg-algorithm:drunkard-walk}},
  note = {Accessed: [12/16/2023]}
}
@misc{reddit_dmacademy_oneshot,
  author = {Flaky-Ad},
  title = {How much content in a one-shot?},
  year = {n.d.},
  howpublished = {\url{https://www.reddit.com/r/DMAcademy/comments/13541o0/how_much_content_in_a_oneshot/}},
  note = {Accessed: [12/16/2023]}
}
@misc{reddit_dnd_campaign_fun,
  author = {M. N.},
  title = {What makes a campaign fun to you?},
  year = {n.d.},
  howpublished = {\url{https://www.reddit.com/r/DnD/comments/abr2hu/what_makes_a_campaign_fun_to_you/}},
  note = {Accessed: [12/16/2023]}
}

@misc{reddit_dndnext_oneshot,
  author = {K.},
  title = {What makes a good one-shot?},
  year = {n.d.},
  howpublished = {\url{https://www.reddit.com/r/dndnext/comments/u510ug/what_makes_a_good_one_shot/}},
  note = {Accessed: [12/16/2023]}
}
@article{quinn2022ethics_rpg,
  author = {Quinn, D.},
  title = {On Ethics in Role-Playing Games},
  year = {2022},
  journal = {Medium},
  url = {https://medium.com/socrates-cafe/on-ethics-in-role-playing-games-9d098c91ffd6},
  note = {Accessed: [12/16/2023]},
  month = {Mar},
  day = {30}
}
@article{bourke2017morality_ethics_rpg,
  author = {Bourke, M. and Bourke, M.},
  title = {The Moral Of The Story: The Morality and Ethics of playing an RPG},
  year = {2017},
  journal = {Campaign Mastery},
  url = {https://www.campaignmastery.com/blog/the-morality-and-ethics-of-playing-an-rpg/},
  note = {Accessed: [12/16/2023]},
  month = {Nov},
  day = {20}
}
@online{Holmes2020Rogue,
  author = {Holmes, M.},
  title = {40 Years On: The Making of Rogue with Glenn Wichman},
  year = {2020},
  month = {March},
  day = {8},
  url = {https://www.gamereactor.eu/40-years-on-the-making-of-rogue-with-glenn-wichman/},
  note = {Accessed: 2024-03-11},
  urldate = {2024-03-11},
  publisher = {Gamereactor UK}
}
@misc{TwoBitHistory2019DoomBSP,
  author = {{TwoBitHistory}},
  title = {How much of a Genius-Level move was using binary space partitioning in Doom?},
  year = {2019},
  month = {November},
  day = {6},
  url = {https://twobithistory.org/2019/11/06/doom-bsp.html},
  note = {Accessed: 2024-03-11}
}
@misc{HeardProceduralDungeonCA,
  author = {Heard, J.R.},
  title = {Procedural Dungeon Generation: Cellular Automata},
  year = {n.d.},
  howpublished = {\url{https://blog.jrheard.com/procedural-dungeon-generation-cellular-automata}},
  note = {Accessed: 2024-03-11}
}
@online{gupta2023ethical,
    author = {Gupta, Aashi},
    title = {Promoting Ethical Standards in Contemporary Game Design},
    year = {2023},
    month = {12},
    day = {19},
    url = {https://blog.searchmyexpert.com/ethical-considerations-game-dev/#:~:text=The%20Essence%20of%20Ethics%20in%20Game%20Development&text=Inclusivity%3A%20Promoting%20diversity%20in%20game},
    note = {Accessed: 2024-05-01},
    publisher = {Search My Expert Blog}
}
@misc{igda2019ethics,
    title = {Core Values \& Code of Ethics},
    organization = {International Game Developers Association (IGDA)},
    year = {2019},
    url = {https://igda.org/about-us/core-values-and-code-of-ethics/},
    note = {Accessed: 2024-05-01}
}


